%% This BibTeX bibliography file was created using BibDesk.
%% http://bibdesk.sourceforge.net/
%% Created for Jo{\~a}o Brito
%% Saved with string encoding Unicode (UTF-8) 
\usepackage[abnt-repeated-author-omit=yes]{abntex2cite}

@book{Alvin.1988,
 author={Alvin E. Roth},
 title={The Shapley value: essays in honor of Lloyd S. Shapley},
 isbn={9780521361774},
 lccn={88002983},
 year={1988},
 publisher={Cambridge University Press},
 address={New York, USA}
}

@book{Arrow.2012,
 author={Kenneth J. Arrow},
 title={Social choice and individual values},
 volume={12},
 year={2012},
 publisher={Yale university press}
}

@article{Aumann.1960,
author	= {Robert J. Aumann},
title	= {Linearity of unrestrictedly transferable utilities},
doi	= {10.1002/nav.3800070308},
publisher	= {John Wiley and Sons},
journal	= {Naval Research Logistics (NRL)},
issnp	= {0894-069X},
issne	= {1520-6750},
year	= {1960},
volume	= {7},
issue	= {3},
page	= {281--284}
}

@article{Aumann.1985,
 author={Robert J Aumann and Michael Maschler},
 title={Game theoretic analysis of a bankruptcy problem from the Talmud},
 doi={10.1016/0022-0531(85)90102-4},
 publisher={Elsevier Science},
 journal={Journal of Economic Theory},
 issnp={0022--0531},
 issne={1095--7235},
 year={1985},
 volume={36},
 issue={2},
 page={195--213}
}

@mastersthesis{Ayala.2008,
 author={Gustavo Alberto Amaral Ayala},
 title={Aplica\c{c}{\~a}o de Teoria de Jogos à Aloca\c{c}{\~a}o de Capacidade Firme em um Sistema T{\'e}rmico},
 school={Pont{\'i}fice Universidade Cat{\'o}ilica do Rio de Janeiro - PUC-Rio},
 year={2008},
 month={04},
 url={http://www.maxwell.vrac.puc-rio.br/12366/12366_1.PDF},
}


@book{Berlanga.2015a,
 author = {Sebastian Cano Berlanga and Jos{\'e}-Manuel Gim{\'e}nez-G{\'o}mez and Misericòrdia Vilella Bach},
 title = {Enjoying cooperative games: The R package Game Theory},
 editor={Misericòrdia Vilella Bach},
 series={Document de treball},
 year={2015},
 pages={20},
 series={Document de treball},
 address={Spain},
 note={Colaboradores:	Universitat Rovira i Virgili. Departament d'Economia, Universitat Rovira i Virgili. Centre de Recerca en Economia Industrial i Economia P{\'u}blica},
 publisher={Departament d'Economia - CREIP, Facultat d'Economia i Empresa}
}

@Manual{Berlanga.2015b,
 author={Sebastian Cano-Berlanga},
 title={Package Cooperative Game Theory},
 month={08},
 year={2015},
 note={Version 2.0},
 url={https://cran.r-project.org/web/packages/GameTheory}
}

@article{Bezerra.2009,
 author={Francisco Antonio Bezerra and Jefferson Fernando Grande and Adriano Jos{\'e} da Silva},
 title={An{\'a}lise e caracteriza\c{c}{\~a}o de modelos de custos que utilizam o valor de Shapley para aloca\c{c}{\~a}o de custos entre departamentos},
 journal={Gest{\~a}o \& Produ\c{c}{\~a}o},
 ISSN={0104-530X},
 url={http://www.scielo.br/scielo.php?script=sci_arttext&pid=S0104-530X2009000100008&nrm=iso},
 volume={16},
 language={pt},
 year={2009},
 month={03},
 pages={74--84},
 publisher={SciELO - Scientific Electronic Library Online},
 address={S{\~a}o Paulo, Brasil}
}

@article{Brink.2015,
 author={Ren{\'e} van den Brink and Mikl{\'o}s Pint{\'e}r},
 title={On axiomatizations of the Shapley value for assignment games},
 journal={Journal of Mathematical Economics},
 volume={60},
 number={},
 pages={110--114},
 month={10},
 year={2015},
 issn={0304-4068},
 doi={http://dx.doi.org/10.1016/j.jmateco.2015.06.016}
}

@Inbook{Cachon.2004,
 author={Cachon, G{\'e}rard P. and Netessine, Serguei},
 title={Handbook of Quantitative Supply Chain Analysis: Modeling in the E-Business Era},
 editor={Simchi-Levi, David and Wu, S. David and Shen, Zuo-Jun},
 chapter={Game Theory in Supply Chain Analysis},
 year={2004},
 publisher={Springer US},
 address={Boston, MA},
 pages={13--65},
 isbn={978-1-4020-7953-5},
 doi={10.1007/978-1-4020-7953-5_2},
 url={http://dx.doi.org/10.1007/978-1-4020-7953-5_2}
}

@book{Cao.2012,
 author={Mei Cao and Qingyu Zhang},
 title={Supply Chain Collaboration: Roles of Interorganizational Systems, Trust, and Collaborative Culture},
 isbn={9781447145905},
 lccn={2012948190},
 year={2012},
 publisher={Springer London}
}


@article{Chen.2004,
 author={Injazz J. Chen and Antony Paulraj},
 title={Towards a theory of supply chain management: the constructs and measurements},
 doi={10.1016/j.jom.2003.12.007},
 publisher={Elsevier Science},
 journal={Journal of Operations Management},
 issnp={0272-6963},
 year={2004},
 volume={22},
 issue={2},
 page={119--150},
}

@book{Christou.2012,
 author={Ioannis T. Christou},
 title={Quantitative Methods in Supply Chain Management: Models and Algorithms},
 isbn={9780857297662},
 doi={10.1007/978-0-85729-766-2},
 year={2012},
 publisher={Springer London Dordrecht Heidelberg},
 address={New York, USA}
}

@book{Curiel.2013,
 author={Imma Curiel},
 title={Cooperative Game Theory and Applications: Cooperative Games Arising from Combinatorial Optimization Problems},
 series={Theory and Decision Library C},
 editor={W. Leinfellner and G. Eberlein},
 volume={16},
 year={1997},
 publisher={Springer Science+Business Media Dordrecht},
 isbn={9781475748710},
 doi={10.1007/978-1-4757-4871-0}
}

@Article{Dobos.2010a,
 author = {Imre Dobos and Mikl{\'o}s Pint{\'e}r},
 title = {Cooperation in supply chains: A cooperative game theoretic analysis},
 year = {2010},
 month={09},
 issn={1786--3031},
 address={Budapest, Hungary},
 publish={Budapesti Corvinus Egyetem}
}

@article{Dobos.2010b,
 author={Imre Dobos and Mikl{\'o}s Pint{\'e}r},
 title={Cooperation in an HMMS-type supply chain: A management application of cooperative game theory= Kooper{\'a}ci{\'o} egy HMMS-t{\'\i}pus{\'u} ell{\'a}t{\'a}si l{\'a}ncban: A kooperat{\'\i}v j{\'a}t{\'e}kelm{\'e}let egy menedzsment alkalmaz{\'a}sa},
 year={2010},
 publisher={V{\'a}llalatgazdas{\'a}gtan Int{\'e}zet}
}

@book{Drechsel.2010,
 author={Julia Drechsel},
 title={Cooperative Lot Sizing Games in Supply Chains},
 isbn={9783642137259},
 series={Lecture Notes in Economics and Mathematical Systems},
 url={http://www.springer.com/us/book/9783642137242},
 year={2010},
 publisher={Springer Berlin Heidelberg}
}


@book{Driessen.2013,
 author={Theo S. H. Driessen},
 title={Cooperative Games, Solutions and Applications},
 publisher={Springer Netherlands},
 series={Theory and Decision Library C},
 year={2013},
 isbn={9789401577878},
 lccn={88006809}
}

@article{Figueiredo.1994,
 author={Reginaldo Santana Figueiredo},
 title={Teoria dos jogos: conceitos, formaliza\c{c}{\~a}o matem{\'a}tica e aplica\c{c}{\~a}o à distribui\c{c}{\~a}o de custo conjunto},
 journal={Gest{\~a}o \& Produ\c{c}{\~a}o},
 ISSN={0104-530X},
 language={pt},
 url={http://www.scielo.br/scielo.php?script=sci_arttext&pid=S0104-530X1994000300005&nrm=iso},
 volume={1},
 year={1994},
 month={12},
 pages={273--289},
 publisher={SciELO - Scientific Electronic Library Online},
 address={S{\~a}o Paulo, Brasil}
}

@book{Fiani.2006,
 author={Ronaldo Fiani},
 title={Teoria Dos Jogos},
 isbn={9788535220735},
 year={2006},
 publisher={Elsevier Brasil}
}

@article{Gimenez.2014,
 author={Jos{\'e}-Manuel Gim{\'e}nez-G{\'o}mez},
 title={A Way to Play Claims Problems},
 doi={10.1007/s10726-013-9347-5},
 publisher={Springer},
 journal={Group Decision and Negotiation},
 issnp={0926-2644},
 issne={1572-9907},
 year={2014},
 month={05},
 volume={23},
 issue={3},
 page={617--627}
}


@article{Guajardo.2015,
 author={Mario Guajardo and Kurt J{\"o}rnsten},
 title={Common mistakes in computing the nucleolus},
 doi={10.1016/j.ejor.2014.10.037},
 publisher={Elsevier Science},
 journal={European Journal of Operational Research},
 issnp={0377-2217},
 year={2015},
 month={03},
 volume={241},
 issue={3},
 page={931--935},
}

@book{Hart.2012,
 author={Sergiu Hart and Andreu Mas-Colell},
 title={Cooperation: Game-Theoretic Approaches},
 isbn={9783642604546},
 series={Nato ASI Subseries F:},
 year={2012},
 publisher={Springer Berlin Heidelberg}
}

@Article{Kahle.2013,
 author={David Kahle and Hadley Wickham},
 title={ggmap: Spatial Visualization with ggplot2},
 journal={The R Journal},
 year={2013},
 volume={5},
 number={1},
 pages={144--161},
 url={http://journal.r-project.org/archive/2013-1/kahle-wickham.pdf}
}

@book{Kogan.2007,
 author={Konstantin Kogan and Charles S. Tapiero},
 title={Supply Chain Games: Operations Management and Risk Valuation},
 isbn={9780387727769},
 lccn={2007929861},
 series={International Series in Operations Research \& Management Science},
 url={http://www.springer.com/us/book/9780387727752},
 year={2007},
 publisher={Springer US}
}

@article{Littlechild.1977,
 author={S. C. Littlechild and G. F. Thompson},
 doi={10.2307/3003493},
 title={Aircraft Landing Fees: A Game Theory Approach},
 publisher={The RAND Corporation},
 journal={The Bell Journal of Economics},
 issnp={0361-915X},
 year={1977},
 volume={8},
 issue={1},
 page={186--204}
}

@article{Maschler.1979,
 author={Michael Maschler and Bezalel Peleg and Lloyd Shapley},
 title={Geometric Properties of the Kernel, Nucleolus, and Related Solution Concepts},
 publisher={INFORMS},
 journal={Mathematics of Operations Research},
 issnp={0364-765X},
 issne={1526-5471},
 doi={10.1287/moor.4.4.303},
 year={1979},
 month={11},
 volume={4},
 issue={4},
 page={303--338}
}

@book{Mccain.2013,
 author={Roger A. McCain},
 title={Value Solutions in Cooperative Games},
 isbn={9789814417402},
 year={2013},
 publisher={World Scientific Publishing Company}
}

@inproceedings{Moreira.2002,
 author = {Renata Couto Moreira},
 title = {Teoria dos Jogos Cooperativos: Conceitos Fundamentais},
 booktitle = {Simp{\'o}sio brasileiro de pesquisa operacional - SBPO},
 publisher = {Instituto Militar de Engenharia - IME},
 year = {2002},
 month = {10},
 url= {http://ws2.din.uem.br/~ademir/sbpo/sbpo2002/minic/minic00.htm},
 note = {Mini-Curso B},
}

@book{Neumann.1947,
 author={John von Neumann and Oskar Morgenstern},
 title={Theory of Games and Economic Behavior},
 lccn= {a44004629},
 year= {1947},
 publisher={Princeton University Press},
}

@book{Peleg.2007,
 author={Bezalel Peleg and Peter Sudh{\"o}lter},
 title={Introduction to the Theory of Cooperative Games},
 isbn={9783540729457},
 lccn={2007931451},
 series={Theory and Decision Library C},
 year={2007},
 publisher={Springer Berlin Heidelberg}
}

@Manual{R,
 title={R: A Language and Environment for Statistical Computing},
 author={{R Development Core Team}},
 organization={R Foundation for Statistical Computing},
 address={Vienna, Austria},
 year={2016},
 note={{ISBN} 3-900051-07-0},
 url={http://www.R-project.org}
}

@article{Schmeidler.1969,
 author={David Schmeidler},
 title={The Nucleolus of a Characteristic Function Game},
 doi={10.1137/0117107},
 publisher={Society for Industrial and Applied Mathematics},
 journal={SIAM Journal on Applied Mathematics},
 issnp={0036-1399},
 issne={1095-712X},
 year={1969},
 month={11},
 volume={17},
 issue={6},
 page={1163--1170}
}

@article{Serrano.2013,
 author={Roberto Serrano},
 title={Lloyd Shapley's Matching and Game Theory},
 journal={The Scandinavian Journal of Economics},
 volume={115},
 number={3},
 pages={599--618},
 year={2013},
 publisher={Wiley Online Library}
}

@Inbook{Young.1994,
 author={H. Peyton Young},
 booktitle={Handbook of Game Theory with Economic Applications},
 title={Cost Allocation},
 chapter={Equitable core solutions},
 editor={Robert J. Aumann and Sergiu Hart},
 volume={2},
 isbn={9780444894274},
 lccn={lc91038429},
 issn={01697218},
 year={1994},
 publisher={Elsevier North Holland},
 address={Amsterdam, Holanda}
}

@book{Weirich.2009,
 author={Paul Weirich},
 title={Collective Rationality: Equilibrium in Cooperative Games},
 isbn={9780199741458},
 year={2009},
 publisher={Oxford University Press}
}

@Book{Wickham.2009,
 author={Hadley Wickham},
 title={ggplot2: Elegant Graphics for Data Analysis},
 publisher={Springer-Verlag New York},
 year={2009},
 isbn={978-0-387-98140-6},
 url={http://had.co.nz/ggplot2/book}
}

@Manual{Wickham.2015,
 title={scales: Scale Functions for Visualization},
 author={Hadley Wickham},
 year={2015},
 note={R package version 0.3.0},
 url={https://CRAN.R-project.org/package=scales}
}

@article{Zeng.1998,
  author={Dajun Zeng and Katia Sycara},
  title={Bayesian learning in negotiation}, 
  journal={International Journal of Human-Computer Studies},
  volume={48},
  number={1},
  pages={125--141},
  year={1998},
  publisher={Elsevier Science}
}
